@inproceedings{Lee:2009:HAC:1621890.1621909,
 author = {Lee, Deirdre and Meier, Ren{\'e}},
 title = {A Hybrid Approach to Context Modelling in Large-scale Pervasive Computing Environments},
 booktitle = {Proceedings of the Fourth International ICST Conference on COMmunication System softWAre and middlewaRE},
 series = {COMSWARE '09},
 year = {2009},
 isbn = {978-1-60558-353-2},
 location = {Dublin, Ireland},
 pages = {14:1--14:12},
 articleno = {14},
 numpages = {12},
 url = {http://doi.acm.org/10.1145/1621890.1621909},
 doi = {10.1145/1621890.1621909},
 acmid = {1621909},
 publisher = {ACM},
 address = {New York, NY, USA},
 keywords = {context modelling, hybrid context model, ontology, pervasive computing, transportation},
}